<?xml version="1.0" encoding="UTF-8"?><collection xmlns="http://www.loc.gov/MARC21/slim"><record><leader>00403nam--2200133-i-4500</leader><controlfield tag="001">000036033</controlfield><controlfield tag="002">20161230</controlfield><controlfield tag="005">20161230201040</controlfield><controlfield tag="008">060222s1000------------r-----000-0-eng-d</controlfield><datafield ind1=" " ind2=" " tag="080"><subfield code="a">534.8(024:62)=2</subfield></datafield><datafield ind1=" " ind2=" " tag="100"><subfield code="a">Olson, Harry F</subfield></datafield><datafield ind1=" " ind2=" " tag="245"><subfield code="a">Elements of acoustical engineering. second edition. third printing</subfield></datafield><datafield ind1=" " ind2=" " tag="260"><subfield code="a">Toronto, New York, London, C.Van Nostrand Co.Inc., /1949/, Xviii + 539p</subfield></datafield><datafield ind1=" " ind2=" " tag="852"><subfield code="a">617</subfield></datafield></record></collection>